<?xml version="1.0" encoding="UTF-8"?>
  <record xmlns="http://www.loc.gov/MARC21/slim" type="Authority">
    <leader>00000nz  a2200000nc 4500</leader>
    <controlfield tag="001">118632876</controlfield>
    <controlfield tag="003">DE-101</controlfield>
    <controlfield tag="005">20220124164507.0</controlfield>
    <controlfield tag="008">880701n||azznnaabn           | aaa    |c</controlfield>
    <datafield tag="024" ind1="7" ind2=" ">
      <subfield code="a">118632876</subfield>
      <subfield code="0">http://d-nb.info/gnd/118632876</subfield>
      <subfield code="2">gnd</subfield>
    </datafield>
    <datafield tag="024" ind1="7" ind2=" ">
      <subfield code="a">27864590</subfield>
      <subfield code="2">viaf</subfield>
    </datafield>
    <datafield tag="035" ind1=" " ind2=" ">
      <subfield code="a">(DE-101)118632876</subfield>
    </datafield>
    <datafield tag="035" ind1=" " ind2=" ">
      <subfield code="a">(DE-588)118632876</subfield>
    </datafield>
    <datafield tag="035" ind1=" " ind2=" ">
      <subfield code="z">(DE-588a)118632876</subfield>
      <subfield code="9">v:zg</subfield>
    </datafield>
    <datafield tag="035" ind1=" " ind2=" ">
      <subfield code="z">(DE-588c)4066138-6</subfield>
      <subfield code="9">v:zg</subfield>
    </datafield>
    <datafield tag="040" ind1=" " ind2=" ">
      <subfield code="a">DE-101</subfield>
      <subfield code="c">DE-101</subfield>
      <subfield code="9">r:DE-101</subfield>
      <subfield code="b">ger</subfield>
      <subfield code="d">2218</subfield>
    </datafield>
    <datafield tag="042" ind1=" " ind2=" ">
      <subfield code="a">gnd1</subfield>
    </datafield>
    <datafield tag="043" ind1=" " ind2=" ">
      <subfield code="c">XA-DE</subfield>
    </datafield>
    <datafield tag="065" ind1=" " ind2=" ">
      <subfield code="a">16.5p</subfield>
      <subfield code="2">sswd</subfield>
    </datafield>
    <datafield tag="075" ind1=" " ind2=" ">
      <subfield code="b">p</subfield>
      <subfield code="2">gndgen</subfield>
    </datafield>
    <datafield tag="075" ind1=" " ind2=" ">
      <subfield code="b">pik</subfield>
      <subfield code="2">gndspec</subfield>
    </datafield>
    <datafield tag="079" ind1=" " ind2=" ">
      <subfield code="a">g</subfield>
      <subfield code="q">s</subfield>
      <subfield code="q">a</subfield>
      <subfield code="q">f</subfield>
      <subfield code="u">k</subfield>
    </datafield>
    <datafield tag="100" ind1="0" ind2=" ">
      <subfield code="a">Wilhelm</subfield>
      <subfield code="c">Baden-Baden, Markgraf</subfield>
      <subfield code="d">1593-1677</subfield>
    </datafield>
    <datafield tag="375" ind1=" " ind2=" ">
      <subfield code="a">1</subfield>
      <subfield code="2">iso5218</subfield>
    </datafield>
    <datafield tag="400" ind1="0" ind2=" ">
      <subfield code="a">Wilhelm</subfield>
      <subfield code="c">Baden, Markgraf, 1593-1677</subfield>
      <subfield code="d">1593-1677</subfield>
      <subfield code="9">v:ADB</subfield>
    </datafield>
    <datafield tag="500" ind1="0" ind2=" ">
      <subfield code="0">(DE-101)132102315</subfield>
      <subfield code="0">(DE-588)132102315</subfield>
      <subfield code="0">https://d-nb.info/gnd/132102315</subfield>
      <subfield code="a">Eduard Fortunat</subfield>
      <subfield code="c">Baden-Baden, Markgraf</subfield>
      <subfield code="d">1565-1600</subfield>
      <subfield code="4">bezf</subfield>
      <subfield code="4">https://d-nb.info/standards/elementset/gnd#familialRelationship</subfield>
      <subfield code="w">r</subfield>
      <subfield code="i">Beziehung familiaer</subfield>
      <subfield code="e">Beziehung familiaer</subfield>
      <subfield code="9">v:Vater</subfield>
    </datafield>
    <datafield tag="500" ind1="0" ind2=" ">
      <subfield code="0">(DE-101)1017916683</subfield>
      <subfield code="0">(DE-588)1017916683</subfield>
      <subfield code="0">https://d-nb.info/gnd/1017916683</subfield>
      <subfield code="a">Maria</subfield>
      <subfield code="c">Baden-Baden, Markgräfin</subfield>
      <subfield code="d">1571-1636</subfield>
      <subfield code="4">bezf</subfield>
      <subfield code="4">https://d-nb.info/standards/elementset/gnd#familialRelationship</subfield>
      <subfield code="w">r</subfield>
      <subfield code="i">Beziehung familiaer</subfield>
      <subfield code="e">Beziehung familiaer</subfield>
      <subfield code="9">v:Mutter</subfield>
    </datafield>
    <datafield tag="500" ind1="0" ind2=" ">
      <subfield code="0">(DE-101)1018341846</subfield>
      <subfield code="0">(DE-588)1018341846</subfield>
      <subfield code="0">https://d-nb.info/gnd/1018341846</subfield>
      <subfield code="a">Hermann Fortunat</subfield>
      <subfield code="c">Baden-Rodemachern, Markgraf</subfield>
      <subfield code="d">1595-1665</subfield>
      <subfield code="4">bezf</subfield>
      <subfield code="4">https://d-nb.info/standards/elementset/gnd#familialRelationship</subfield>
      <subfield code="w">r</subfield>
      <subfield code="i">Beziehung familiaer</subfield>
      <subfield code="e">Beziehung familiaer</subfield>
      <subfield code="9">v:Bruder</subfield>
    </datafield>
    <datafield tag="500" ind1="0" ind2=" ">
      <subfield code="0">(DE-101)173318800</subfield>
      <subfield code="0">(DE-588)173318800</subfield>
      <subfield code="0">https://d-nb.info/gnd/173318800</subfield>
      <subfield code="a">Katharina Ursula</subfield>
      <subfield code="c">Baden-Baden, Markgräfin</subfield>
      <subfield code="d">1610-1640</subfield>
      <subfield code="4">bezf</subfield>
      <subfield code="4">https://d-nb.info/standards/elementset/gnd#familialRelationship</subfield>
      <subfield code="w">r</subfield>
      <subfield code="i">Beziehung familiaer</subfield>
      <subfield code="e">Beziehung familiaer</subfield>
      <subfield code="9">v:1. Ehefrau</subfield>
      <subfield code="9">Z:1624-1640</subfield>
    </datafield>
    <datafield tag="500" ind1="0" ind2=" ">
      <subfield code="0">(DE-101)129458139</subfield>
      <subfield code="0">(DE-588)129458139</subfield>
      <subfield code="0">https://d-nb.info/gnd/129458139</subfield>
      <subfield code="a">Ferdinand Maximilian</subfield>
      <subfield code="c">Baden-Baden, Markgraf</subfield>
      <subfield code="d">1625-1669</subfield>
      <subfield code="4">bezf</subfield>
      <subfield code="4">https://d-nb.info/standards/elementset/gnd#familialRelationship</subfield>
      <subfield code="w">r</subfield>
      <subfield code="i">Beziehung familiaer</subfield>
      <subfield code="e">Beziehung familiaer</subfield>
      <subfield code="9">v:Sohn aus 1. Ehe</subfield>
    </datafield>
    <datafield tag="500" ind1="0" ind2=" ">
      <subfield code="0">(DE-101)115883266</subfield>
      <subfield code="0">(DE-588)115883266</subfield>
      <subfield code="0">https://d-nb.info/gnd/115883266</subfield>
      <subfield code="a">Leopold Wilhelm</subfield>
      <subfield code="c">Baden, Markgraf</subfield>
      <subfield code="d">1626-1671</subfield>
      <subfield code="4">bezf</subfield>
      <subfield code="4">https://d-nb.info/standards/elementset/gnd#familialRelationship</subfield>
      <subfield code="w">r</subfield>
      <subfield code="i">Beziehung familiaer</subfield>
      <subfield code="e">Beziehung familiaer</subfield>
      <subfield code="9">v:Sohn aus 1. Ehe</subfield>
    </datafield>
    <datafield tag="500" ind1="0" ind2=" ">
      <subfield code="0">(DE-101)120145686X</subfield>
      <subfield code="0">(DE-588)120145686X</subfield>
      <subfield code="0">https://d-nb.info/gnd/120145686X</subfield>
      <subfield code="a">Philipp Siegmund</subfield>
      <subfield code="c">Baden-Baden, Markgraf</subfield>
      <subfield code="d">1627-1647</subfield>
      <subfield code="4">bezf</subfield>
      <subfield code="4">https://d-nb.info/standards/elementset/gnd#familialRelationship</subfield>
      <subfield code="w">r</subfield>
      <subfield code="i">Beziehung familiaer</subfield>
      <subfield code="e">Beziehung familiaer</subfield>
      <subfield code="9">v:Sohn aus 1. Ehe</subfield>
    </datafield>
    <datafield tag="500" ind1="0" ind2=" ">
      <subfield code="0">(DE-101)136800335</subfield>
      <subfield code="0">(DE-588)136800335</subfield>
      <subfield code="0">https://d-nb.info/gnd/136800335</subfield>
      <subfield code="a">Wilhelm Christoph</subfield>
      <subfield code="c">Baden-Baden, Markgraf</subfield>
      <subfield code="d">1628-1652</subfield>
      <subfield code="4">bezf</subfield>
      <subfield code="4">https://d-nb.info/standards/elementset/gnd#familialRelationship</subfield>
      <subfield code="w">r</subfield>
      <subfield code="i">Beziehung familiaer</subfield>
      <subfield code="e">Beziehung familiaer</subfield>
      <subfield code="9">v:Sohn aus 1. Ehe</subfield>
    </datafield>
    <datafield tag="500" ind1="0" ind2=" ">
      <subfield code="0">(DE-101)118981722</subfield>
      <subfield code="0">(DE-588)118981722</subfield>
      <subfield code="0">https://d-nb.info/gnd/118981722</subfield>
      <subfield code="a">Hermann</subfield>
      <subfield code="c">Baden-Baden, Markgraf</subfield>
      <subfield code="d">1628-1691</subfield>
      <subfield code="4">bezf</subfield>
      <subfield code="4">https://d-nb.info/standards/elementset/gnd#familialRelationship</subfield>
      <subfield code="w">r</subfield>
      <subfield code="i">Beziehung familiaer</subfield>
      <subfield code="e">Beziehung familiaer</subfield>
      <subfield code="9">v:Sohn aus 1. Ehe</subfield>
    </datafield>
    <datafield tag="500" ind1="0" ind2=" ">
      <subfield code="0">(DE-101)1013572513</subfield>
      <subfield code="0">(DE-588)1013572513</subfield>
      <subfield code="0">https://d-nb.info/gnd/1013572513</subfield>
      <subfield code="a">Bernhard</subfield>
      <subfield code="c">Baden-Baden, Markgraf</subfield>
      <subfield code="d">1629-1648</subfield>
      <subfield code="4">bezf</subfield>
      <subfield code="4">https://d-nb.info/standards/elementset/gnd#familialRelationship</subfield>
      <subfield code="w">r</subfield>
      <subfield code="i">Beziehung familiaer</subfield>
      <subfield code="e">Beziehung familiaer</subfield>
      <subfield code="9">v:Sohn aus 1. Ehe</subfield>
    </datafield>
    <datafield tag="500" ind1="0" ind2=" ">
      <subfield code="0">(DE-101)1202829635</subfield>
      <subfield code="0">(DE-588)1202829635</subfield>
      <subfield code="0">https://d-nb.info/gnd/1202829635</subfield>
      <subfield code="a">Isabella Eugenia Klara</subfield>
      <subfield code="c">Baden-Baden, Markgräfin</subfield>
      <subfield code="d">1630-1632</subfield>
      <subfield code="4">bezf</subfield>
      <subfield code="4">https://d-nb.info/standards/elementset/gnd#familialRelationship</subfield>
      <subfield code="w">r</subfield>
      <subfield code="i">Beziehung familiaer</subfield>
      <subfield code="e">Beziehung familiaer</subfield>
      <subfield code="9">v:Tochter aus 1. Ehe</subfield>
    </datafield>
    <datafield tag="500" ind1="0" ind2=" ">
      <subfield code="0">(DE-101)120138737X</subfield>
      <subfield code="0">(DE-588)120138737X</subfield>
      <subfield code="0">https://d-nb.info/gnd/120138737X</subfield>
      <subfield code="a">Katharina Franziska Henriette</subfield>
      <subfield code="c">Baden-Baden, Markgräfin</subfield>
      <subfield code="d">1631-1691</subfield>
      <subfield code="4">bezf</subfield>
      <subfield code="4">https://d-nb.info/standards/elementset/gnd#familialRelationship</subfield>
      <subfield code="w">r</subfield>
      <subfield code="i">Beziehung familiaer</subfield>
      <subfield code="e">Beziehung familiaer</subfield>
      <subfield code="9">v:Tochter aus 1. Ehe</subfield>
    </datafield>
    <datafield tag="500" ind1="0" ind2=" ">
      <subfield code="0">(DE-101)1203261764</subfield>
      <subfield code="0">(DE-588)1203261764</subfield>
      <subfield code="0">https://d-nb.info/gnd/1203261764</subfield>
      <subfield code="a">Claudia</subfield>
      <subfield code="c">Baden-Baden, Markgräfin</subfield>
      <subfield code="d">1633-</subfield>
      <subfield code="4">bezf</subfield>
      <subfield code="4">https://d-nb.info/standards/elementset/gnd#familialRelationship</subfield>
      <subfield code="w">r</subfield>
      <subfield code="i">Beziehung familiaer</subfield>
      <subfield code="e">Beziehung familiaer</subfield>
      <subfield code="9">v:Tochter aus 1. Ehe</subfield>
    </datafield>
    <datafield tag="500" ind1="0" ind2=" ">
      <subfield code="0">(DE-101)1203262299</subfield>
      <subfield code="0">(DE-588)1203262299</subfield>
      <subfield code="0">https://d-nb.info/gnd/1203262299</subfield>
      <subfield code="a">Henriette</subfield>
      <subfield code="c">Baden-Baden, Markgräfin</subfield>
      <subfield code="d">1634-</subfield>
      <subfield code="4">bezf</subfield>
      <subfield code="4">https://d-nb.info/standards/elementset/gnd#familialRelationship</subfield>
      <subfield code="w">r</subfield>
      <subfield code="i">Beziehung familiaer</subfield>
      <subfield code="e">Beziehung familiaer</subfield>
      <subfield code="9">v:Tochter aus 1. Ehe</subfield>
    </datafield>
    <datafield tag="500" ind1="0" ind2=" ">
      <subfield code="0">(DE-101)1201143942</subfield>
      <subfield code="0">(DE-588)1201143942</subfield>
      <subfield code="0">https://d-nb.info/gnd/1201143942</subfield>
      <subfield code="a">Anna</subfield>
      <subfield code="c">Baden-Baden, Markgräfin</subfield>
      <subfield code="d">1634-1708</subfield>
      <subfield code="4">bezf</subfield>
      <subfield code="4">https://d-nb.info/standards/elementset/gnd#familialRelationship</subfield>
      <subfield code="w">r</subfield>
      <subfield code="i">Beziehung familiaer</subfield>
      <subfield code="e">Beziehung familiaer</subfield>
      <subfield code="9">v:Tochter aus 1. Ehe</subfield>
    </datafield>
    <datafield tag="500" ind1="0" ind2=" ">
      <subfield code="0">(DE-101)1203260148</subfield>
      <subfield code="0">(DE-588)1203260148</subfield>
      <subfield code="0">https://d-nb.info/gnd/1203260148</subfield>
      <subfield code="a">Maria</subfield>
      <subfield code="c">Baden-Baden, Markgräfin</subfield>
      <subfield code="d">1636-1636</subfield>
      <subfield code="4">bezf</subfield>
      <subfield code="4">https://d-nb.info/standards/elementset/gnd#familialRelationship</subfield>
      <subfield code="w">r</subfield>
      <subfield code="i">Beziehung familiaer</subfield>
      <subfield code="e">Beziehung familiaer</subfield>
      <subfield code="9">v:Tochter aus 1. Ehe</subfield>
    </datafield>
    <datafield tag="500" ind1="0" ind2=" ">
      <subfield code="0">(DE-101)1203259581</subfield>
      <subfield code="0">(DE-588)1203259581</subfield>
      <subfield code="0">https://d-nb.info/gnd/1203259581</subfield>
      <subfield code="a">Maria Juliana</subfield>
      <subfield code="c">Baden-Baden, Markgräfin</subfield>
      <subfield code="d">1638-1638</subfield>
      <subfield code="4">bezf</subfield>
      <subfield code="4">https://d-nb.info/standards/elementset/gnd#familialRelationship</subfield>
      <subfield code="w">r</subfield>
      <subfield code="i">Beziehung familiaer</subfield>
      <subfield code="e">Beziehung familiaer</subfield>
      <subfield code="9">v:Tochter aus 1. Ehe</subfield>
    </datafield>
    <datafield tag="500" ind1="0" ind2=" ">
      <subfield code="0">(DE-101)1201434998</subfield>
      <subfield code="0">(DE-588)1201434998</subfield>
      <subfield code="0">https://d-nb.info/gnd/1201434998</subfield>
      <subfield code="a">Maria Magdalena</subfield>
      <subfield code="c">Baden-Baden, Markgräfin</subfield>
      <subfield code="d">1619-1688</subfield>
      <subfield code="4">bezf</subfield>
      <subfield code="4">https://d-nb.info/standards/elementset/gnd#familialRelationship</subfield>
      <subfield code="w">r</subfield>
      <subfield code="i">Beziehung familiaer</subfield>
      <subfield code="e">Beziehung familiaer</subfield>
      <subfield code="9">v:2. Ehefrau</subfield>
      <subfield code="9">Z:1650-1677</subfield>
    </datafield>
    <datafield tag="500" ind1="0" ind2=" ">
      <subfield code="0">(DE-101)1202833330</subfield>
      <subfield code="0">(DE-588)1202833330</subfield>
      <subfield code="0">https://d-nb.info/gnd/1202833330</subfield>
      <subfield code="a">Philipp Franz Wilhelm</subfield>
      <subfield code="c">Baden-Baden, Markgraf</subfield>
      <subfield code="d">1652-1655</subfield>
      <subfield code="4">bezf</subfield>
      <subfield code="4">https://d-nb.info/standards/elementset/gnd#familialRelationship</subfield>
      <subfield code="w">r</subfield>
      <subfield code="i">Beziehung familiaer</subfield>
      <subfield code="e">Beziehung familiaer</subfield>
      <subfield code="9">v:Sohn aus 2. Ehe</subfield>
    </datafield>
    <datafield tag="500" ind1="1" ind2=" ">
      <subfield code="0">(DE-101)1201526655</subfield>
      <subfield code="0">(DE-588)1201526655</subfield>
      <subfield code="0">https://d-nb.info/gnd/1201526655</subfield>
      <subfield code="a">Lobkowitz, Maria Anna Wilhelmine &#152;von&#156;</subfield>
      <subfield code="d">1655-1702</subfield>
      <subfield code="4">bezf</subfield>
      <subfield code="4">https://d-nb.info/standards/elementset/gnd#familialRelationship</subfield>
      <subfield code="w">r</subfield>
      <subfield code="i">Beziehung familiaer</subfield>
      <subfield code="e">Beziehung familiaer</subfield>
      <subfield code="9">v:Tochter aus 2. Ehe</subfield>
    </datafield>
    <datafield tag="500" ind1="0" ind2=" ">
      <subfield code="0">(DE-101)1233335847</subfield>
      <subfield code="0">(DE-588)1233335847</subfield>
      <subfield code="0">https://d-nb.info/gnd/1233335847</subfield>
      <subfield code="a">Karl Bernhard</subfield>
      <subfield code="c">Baden-Baden, Markgraf</subfield>
      <subfield code="d">1657-1678</subfield>
      <subfield code="4">bezf</subfield>
      <subfield code="4">https://d-nb.info/standards/elementset/gnd#familialRelationship</subfield>
      <subfield code="w">r</subfield>
      <subfield code="i">Beziehung familiaer</subfield>
      <subfield code="e">Beziehung familiaer</subfield>
      <subfield code="9">v:Sohn aus 2. Ehe</subfield>
    </datafield>
    <datafield tag="500" ind1="0" ind2=" ">
      <subfield code="0">(DE-101)1201204852</subfield>
      <subfield code="0">(DE-588)1201204852</subfield>
      <subfield code="0">https://d-nb.info/gnd/1201204852</subfield>
      <subfield code="a">Eva</subfield>
      <subfield code="c">Baden-Baden, Markgräfin</subfield>
      <subfield code="4">bezf</subfield>
      <subfield code="4">https://d-nb.info/standards/elementset/gnd#familialRelationship</subfield>
      <subfield code="w">r</subfield>
      <subfield code="i">Beziehung familiaer</subfield>
      <subfield code="e">Beziehung familiaer</subfield>
      <subfield code="9">v:Tochter aus 2. Ehe</subfield>
    </datafield>
    <datafield tag="510" ind1="2" ind2=" ">
      <subfield code="0">(DE-101)000644099</subfield>
      <subfield code="0">(DE-588)64409-2</subfield>
      <subfield code="0">https://d-nb.info/gnd/64409-2</subfield>
      <subfield code="a">Heiliges Römisches Reich</subfield>
      <subfield code="b">Reichskammergericht</subfield>
      <subfield code="4">affi</subfield>
      <subfield code="4">https://d-nb.info/standards/elementset/gnd#affiliation</subfield>
      <subfield code="w">r</subfield>
      <subfield code="i">Affiliation</subfield>
      <subfield code="e">Affiliation</subfield>
    </datafield>
    <datafield tag="548" ind1=" " ind2=" ">
      <subfield code="a">1593-1677</subfield>
      <subfield code="4">datl</subfield>
      <subfield code="4">https://d-nb.info/standards/elementset/gnd#dateOfBirthAndDeath</subfield>
      <subfield code="w">r</subfield>
      <subfield code="i">Lebensdaten</subfield>
    </datafield>
    <datafield tag="548" ind1=" " ind2=" ">
      <subfield code="a">30.07.1593-22.05.1677</subfield>
      <subfield code="4">datx</subfield>
      <subfield code="4">https://d-nb.info/standards/elementset/gnd#dateOfBirthAndDeath</subfield>
      <subfield code="w">r</subfield>
      <subfield code="i">Exakte Lebensdaten</subfield>
    </datafield>
    <datafield tag="550" ind1=" " ind2=" ">
      <subfield code="0">(DE-101)041689127</subfield>
      <subfield code="0">(DE-588)4168912-4</subfield>
      <subfield code="0">https://d-nb.info/gnd/4168912-4</subfield>
      <subfield code="a">Markgraf</subfield>
      <subfield code="4">adel</subfield>
      <subfield code="4">https://d-nb.info/standards/elementset/gnd#titleOfNobility</subfield>
      <subfield code="w">r</subfield>
      <subfield code="i">Adelstitel</subfield>
    </datafield>
    <datafield tag="550" ind1=" " ind2=" ">
      <subfield code="0">(DE-101)040004643</subfield>
      <subfield code="0">(DE-588)4000464-8</subfield>
      <subfield code="0">https://d-nb.info/gnd/4000464-8</subfield>
      <subfield code="a">Adel</subfield>
      <subfield code="4">obin</subfield>
      <subfield code="4">https://d-nb.info/standards/elementset/gnd#broaderTermInstantial</subfield>
      <subfield code="w">r</subfield>
      <subfield code="i">Oberbegriff instantiell</subfield>
    </datafield>
    <datafield tag="551" ind1=" " ind2=" ">
      <subfield code="0">(DE-101)040041697</subfield>
      <subfield code="0">(DE-588)4004169-4</subfield>
      <subfield code="0">https://d-nb.info/gnd/4004169-4</subfield>
      <subfield code="a">Baden-Baden</subfield>
      <subfield code="4">ortg</subfield>
      <subfield code="4">https://d-nb.info/standards/elementset/gnd#placeOfBirth</subfield>
      <subfield code="w">r</subfield>
      <subfield code="i">Geburtsort</subfield>
    </datafield>
    <datafield tag="551" ind1=" " ind2=" ">
      <subfield code="0">(DE-101)040041697</subfield>
      <subfield code="0">(DE-588)4004169-4</subfield>
      <subfield code="0">https://d-nb.info/gnd/4004169-4</subfield>
      <subfield code="a">Baden-Baden</subfield>
      <subfield code="4">orts</subfield>
      <subfield code="4">https://d-nb.info/standards/elementset/gnd#placeOfDeath</subfield>
      <subfield code="w">r</subfield>
      <subfield code="i">Sterbeort</subfield>
    </datafield>
    <datafield tag="551" ind1=" " ind2=" ">
      <subfield code="0">(DE-101)040561798</subfield>
      <subfield code="0">(DE-588)4056179-3</subfield>
      <subfield code="0">https://d-nb.info/gnd/4056179-3</subfield>
      <subfield code="a">Speyer</subfield>
      <subfield code="4">ortw</subfield>
      <subfield code="4">https://d-nb.info/standards/elementset/gnd#placeOfActivity</subfield>
      <subfield code="w">r</subfield>
      <subfield code="i">Wirkungsort</subfield>
    </datafield>
    <datafield tag="667" ind1=" " ind2=" ">
      <subfield code="a">32</subfield>
    </datafield>
    <datafield tag="667" ind1=" " ind2=" ">
      <subfield code="a">LABW</subfield>
    </datafield>
    <datafield tag="670" ind1=" " ind2=" ">
      <subfield code="a">Europ. Stammtafeln N.F. I.2, Tafel 268</subfield>
    </datafield>
    <datafield tag="678" ind1=" " ind2=" ">
      <subfield code="b">1621-1677 regierender Markgraf von Baden-Baden; kaiserlicher Kammerrichter zu Speyer seit 1652</subfield>
    </datafield>
    <datafield tag="913" ind1=" " ind2=" ">
      <subfield code="S">pnd</subfield>
      <subfield code="i">5</subfield>
      <subfield code="a">Wilhelm &lt;Baden-Baden, Markgraf&gt;</subfield>
      <subfield code="0">(DE-588a)118632876</subfield>
    </datafield>
  </record>
